<?xml version="1.0" encoding="UTF-8"?>
<collection xmlns:xsi="http://www.w3.org/2001/XMLSchema-instance" xsi:schemaLocation="http://www.loc.gov/MARC21/slim http://www.loc.gov/standards/marcxml/schema/MARC21slim.xsd" xmlns="http://www.loc.gov/MARC21/slim">
<record>
  <leader>01112cam a2200265   4500</leader>
  <controlfield tag="001">5992278</controlfield>
  <controlfield tag="003">NNC</controlfield>
  <controlfield tag="005">20160623144205.0</controlfield>
  <controlfield tag="008">061117s1935    sy      r     000 0 araod</controlfield>
  <datafield tag="035" ind1=" " ind2=" ">
    <subfield code="a">(OCoLC)506935755</subfield>
  </datafield>
  <datafield tag="035" ind1=" " ind2=" ">
    <subfield code="a">(OCoLC)ocn506935755</subfield>
  </datafield>
  <datafield tag="035" ind1=" " ind2=" ">
    <subfield code="a">(NNC)5992278</subfield>
  </datafield>
  <datafield tag="040" ind1=" " ind2=" ">
    <subfield code="a">NNC</subfield>
    <subfield code="c">NNC</subfield>
  </datafield>
  <datafield tag="099" ind1=" " ind2=" ">
    <subfield code="a">893.719</subfield>
    <subfield code="a">H27</subfield>
  </datafield>
  <datafield tag="100" ind1="1" ind2=" ">
    <subfield code="a">Ḥasanī, ʻAbd al-Razzāq.</subfield>
  </datafield>
  <datafield tag="245" ind1="1" ind2="0">
    <subfield code="a">Taʾrīkh al-thawrah al-ʻIrāqīyah :</subfield>
    <subfield code="b">baḥth tārīkhī mufaṣṣal wa-muʾayyad bi-al-wathāʾiq wa-al-ṣukūk wa-al-suwar al-khaṭīrah muʻẓamuhā ghayr manshūr ʻan asbāb al-thawrah wa-muqaddimātihā wa-ʻawāmilihā wa-muhayajātihā wa-mayādīnihā wa-natāʾijihā /</subfield>
    <subfield code="c">bi-qalam ʻAbd al-Razzāq al-Ḥasanī.</subfield>
  </datafield>
  <datafield tag="246" ind1="3" ind2="8">
    <subfield code="a">Tarikh-al thawa al-Iraqiyah</subfield>
  </datafield>
  <datafield tag="250" ind1=" " ind2=" ">
    <subfield code="a">al-Ṭabʻah 1.</subfield>
  </datafield>
  <datafield tag="260" ind1=" " ind2=" ">
    <subfield code="a">Ṣaydā :</subfield>
    <subfield code="b">Maṭbaʻat al-ʻIrfān,</subfield>
    <subfield code="c">1935.</subfield>
  </datafield>
  <datafield tag="300" ind1=" " ind2=" ">
    <subfield code="a">150 p.</subfield>
    <subfield code="b">illus., ports., map.</subfield>
  </datafield>
  <datafield tag="504" ind1=" " ind2=" ">
    <subfield code="a">Includes bibliography.</subfield>
  </datafield>
  <datafield tag="533" ind1=" " ind2=" ">
    <subfield code="a">Photocopy.</subfield>
    <subfield code="b">New York :</subfield>
    <subfield code="c">Columbia University,</subfield>
    <subfield code="d">2006.</subfield>
  </datafield>
  <datafield tag="583" ind1=" " ind2=" ">
    <subfield code="a">Photocopied;</subfield>
    <subfield code="k">Acme</subfield>
  </datafield>
  <datafield tag="651" ind1=" " ind2="0">
    <subfield code="a">Iraq</subfield>
    <subfield code="x">History.</subfield>
  </datafield>
  <datafield tag="955" ind1=" " ind2=" ">
    <subfield code="b">CU72926546</subfield>
    <subfield code="d">off,glx</subfield>
    <subfield code="e">DS70.9 H37 1935a</subfield>
  </datafield>
</record>
</collection>